<?xml version="1.0" encoding="UTF-8"?>
  <record xmlns="http://www.loc.gov/MARC21/slim" type="Authority">
    <leader>00000nz  a2200000nc 4500</leader>
    <controlfield tag="001">120286246</controlfield>
    <controlfield tag="003">DE-101</controlfield>
    <controlfield tag="005">20160830135014.0</controlfield>
    <controlfield tag="008">980626n||aznnnaabn           | aaa    |c</controlfield>
    <datafield tag="024" ind1="7" ind2=" ">
      <subfield code="a">120286246</subfield>
      <subfield code="0">http://d-nb.info/gnd/120286246</subfield>
      <subfield code="2">gnd</subfield>
    </datafield>
    <datafield tag="035" ind1=" " ind2=" ">
      <subfield code="a">(DE-101)120286246</subfield>
    </datafield>
    <datafield tag="035" ind1=" " ind2=" ">
      <subfield code="a">(DE-588)120286246</subfield>
    </datafield>
    <datafield tag="035" ind1=" " ind2=" ">
      <subfield code="z">(DE-588a)120286246</subfield>
      <subfield code="9">v:zg</subfield>
    </datafield>
    <datafield tag="040" ind1=" " ind2=" ">
      <subfield code="a">DE-12</subfield>
      <subfield code="c">DE-12</subfield>
      <subfield code="9">r:DE-12</subfield>
      <subfield code="b">ger</subfield>
      <subfield code="d">0023</subfield>
    </datafield>
    <datafield tag="042" ind1=" " ind2=" ">
      <subfield code="a">gnd1</subfield>
    </datafield>
    <datafield tag="075" ind1=" " ind2=" ">
      <subfield code="b">p</subfield>
      <subfield code="2">gndgen</subfield>
    </datafield>
    <datafield tag="075" ind1=" " ind2=" ">
      <subfield code="b">piz</subfield>
      <subfield code="2">gndspec</subfield>
    </datafield>
    <datafield tag="079" ind1=" " ind2=" ">
      <subfield code="a">g</subfield>
      <subfield code="q">a</subfield>
      <subfield code="q">f</subfield>
    </datafield>
    <datafield tag="100" ind1="1" ind2=" ">
      <subfield code="a">Bibran und Modelau, Niclas Alexander &#152;von&#156;</subfield>
      <subfield code="d">1626-1680</subfield>
    </datafield>
    <datafield tag="400" ind1="1" ind2=" ">
      <subfield code="a">Bibran und Modelau, Nicolaus Alexander &#152;von&#156;</subfield>
      <subfield code="d">1626-1680</subfield>
    </datafield>
    <datafield tag="400" ind1="1" ind2=" ">
      <subfield code="a">Bibran und Modelau, Nikolaus Alexander &#152;von&#156;</subfield>
      <subfield code="d">1626-1680</subfield>
    </datafield>
    <datafield tag="400" ind1="1" ind2=" ">
      <subfield code="a">Bibran und Model, Niclas Alexander &#152;von&#156;</subfield>
      <subfield code="d">1626-1680</subfield>
    </datafield>
    <datafield tag="400" ind1="1" ind2=" ">
      <subfield code="a">Bibran und Model, Nicolaus Alexander &#152;von&#156;</subfield>
      <subfield code="d">1626-1680</subfield>
    </datafield>
    <datafield tag="400" ind1="1" ind2=" ">
      <subfield code="a">Bibran und Model, Nikolaus Alexander &#152;von&#156;</subfield>
      <subfield code="d">1626-1680</subfield>
    </datafield>
    <datafield tag="400" ind1="1" ind2=" ">
      <subfield code="a">Bibran und Modelau, Niklas Alexander &#152;von&#156;</subfield>
      <subfield code="d">1626-1680</subfield>
    </datafield>
    <datafield tag="400" ind1="1" ind2=" ">
      <subfield code="a">Bibran und Model, Niklas Alexander &#152;von&#156;</subfield>
      <subfield code="d">1626-1680</subfield>
    </datafield>
    <datafield tag="400" ind1="1" ind2=" ">
      <subfield code="a">Bibran, Niclas Alexander &#152;von&#156;</subfield>
      <subfield code="d">1626-1680</subfield>
    </datafield>
    <datafield tag="400" ind1="1" ind2=" ">
      <subfield code="a">Bibran, Niklas Alexander &#152;von&#156;</subfield>
      <subfield code="d">1626-1680</subfield>
    </datafield>
    <datafield tag="400" ind1="1" ind2=" ">
      <subfield code="a">Bibran, Nicolaus Alexander &#152;von&#156;</subfield>
      <subfield code="d">1626-1680</subfield>
    </datafield>
    <datafield tag="400" ind1="1" ind2=" ">
      <subfield code="a">Bibran, Nikolaus Alexander &#152;von&#156;</subfield>
      <subfield code="d">1626-1680</subfield>
    </datafield>
    <datafield tag="400" ind1="1" ind2=" ">
      <subfield code="a">Modelau, Niclas Alexander von Bibran &#152;und&#156;</subfield>
      <subfield code="d">1626-1680</subfield>
    </datafield>
    <datafield tag="400" ind1="1" ind2=" ">
      <subfield code="a">Modelau, Nicolaus Alexander von Bibran &#152;und&#156;</subfield>
      <subfield code="d">1626-1680</subfield>
    </datafield>
    <datafield tag="400" ind1="1" ind2=" ">
      <subfield code="a">Modelau, Niklas Alexander von Bibran &#152;und&#156;</subfield>
      <subfield code="d">1626-1680</subfield>
    </datafield>
    <datafield tag="400" ind1="1" ind2=" ">
      <subfield code="a">Modelau, Nikolaus Alexander von Bibran &#152;und&#156;</subfield>
      <subfield code="d">1626-1680</subfield>
    </datafield>
    <datafield tag="400" ind1="1" ind2=" ">
      <subfield code="a">Model, Niclas Alexander von Bibran &#152;und&#156;</subfield>
      <subfield code="d">1626-1680</subfield>
    </datafield>
    <datafield tag="400" ind1="1" ind2=" ">
      <subfield code="a">Model, Nicolaus Alexander von Bibran &#152;und&#156;</subfield>
      <subfield code="d">1626-1680</subfield>
    </datafield>
    <datafield tag="400" ind1="1" ind2=" ">
      <subfield code="a">Model, Niklas Alexander von Bibran &#152;und&#156;</subfield>
      <subfield code="d">1626-1680</subfield>
    </datafield>
    <datafield tag="400" ind1="1" ind2=" ">
      <subfield code="a">Model, Nikolaus Alexander von Bibran &#152;und&#156;</subfield>
      <subfield code="d">1626-1680</subfield>
    </datafield>
    <datafield tag="400" ind1="1" ind2=" ">
      <subfield code="a">Bibran und Modlau, Niclas Alexander &#152;von&#156;</subfield>
      <subfield code="d">1626-1680</subfield>
    </datafield>
    <datafield tag="400" ind1="1" ind2=" ">
      <subfield code="a">Bibran und Modlau, Nicolaus Alexander &#152;von&#156;</subfield>
      <subfield code="d">1626-1680</subfield>
    </datafield>
    <datafield tag="400" ind1="1" ind2=" ">
      <subfield code="a">Bibran und Modlaw, Niclas Alexander &#152;von&#156;</subfield>
      <subfield code="d">1626-1680</subfield>
    </datafield>
    <datafield tag="400" ind1="1" ind2=" ">
      <subfield code="a">Bibran und Modlaw, Nicolaus Alexander &#152;von&#156;</subfield>
      <subfield code="d">1626-1680</subfield>
    </datafield>
    <datafield tag="500" ind1="1" ind2=" ">
      <subfield code="0">(DE-101)115498141</subfield>
      <subfield code="0">(DE-588)115498141</subfield>
      <subfield code="0">https://d-nb.info/gnd/115498141</subfield>
      <subfield code="a">Bibra, Heinrich &#152;von&#156;</subfield>
      <subfield code="4">bezf</subfield>
      <subfield code="4">https://d-nb.info/standards/elementset/gnd#familialRelationship</subfield>
      <subfield code="w">r</subfield>
      <subfield code="i">Beziehung familiaer</subfield>
      <subfield code="e">Beziehung familiaer</subfield>
      <subfield code="9">v:Vater</subfield>
    </datafield>
    <datafield tag="548" ind1=" " ind2=" ">
      <subfield code="a">1626-1680</subfield>
      <subfield code="4">datl</subfield>
      <subfield code="4">https://d-nb.info/standards/elementset/gnd#dateOfBirthAndDeath</subfield>
      <subfield code="w">r</subfield>
      <subfield code="i">Lebensdaten</subfield>
    </datafield>
    <datafield tag="548" ind1=" " ind2=" ">
      <subfield code="a">15.06.1626-25.04.1680</subfield>
      <subfield code="4">datx</subfield>
      <subfield code="4">https://d-nb.info/standards/elementset/gnd#dateOfBirthAndDeath</subfield>
      <subfield code="w">r</subfield>
      <subfield code="i">Exakte Lebensdaten</subfield>
    </datafield>
    <datafield tag="667" ind1=" " ind2=" ">
      <subfield code="a">VD-17</subfield>
    </datafield>
    <datafield tag="672" ind1=" " ind2="0">
      <subfield code="a">Gerlach, Benjamin: Hiobs Glaubens-Trotz und Trost. - 1680</subfield>
    </datafield>
    <datafield tag="913" ind1=" " ind2=" ">
      <subfield code="S">pnd</subfield>
      <subfield code="i">a</subfield>
      <subfield code="a">Bibran und Modelau, Niclas Alexander /von</subfield>
      <subfield code="0">(DE-588a)120286246</subfield>
    </datafield>
  </record>
